<?xml version="1.0" encoding="UTF-8"?><collection xmlns="http://www.loc.gov/MARC21/slim"><record><leader>00360nam--2200109-i-4500</leader><controlfield tag="001">000003191</controlfield><controlfield tag="002">20161230</controlfield><controlfield tag="005">20161230201025</controlfield><controlfield tag="008">060222s1000------------r-----000-0-eng-d</controlfield><datafield ind1=" " ind2=" " tag="245"><subfield code="a">A.e.g. hilfsbuch fur elektrische licht und kraftanlagen mit uber 1100 bildern, zeichnun- gen und tafeln. 7 auflage</subfield></datafield><datafield ind1=" " ind2=" " tag="260"><subfield code="a">Essen, Verlag W. Girardet, 1956 Xvi+716 P</subfield></datafield><datafield ind1=" " ind2=" " tag="852"><subfield code="a">12749</subfield></datafield></record></collection>